<?xml version="1.0" encoding="UTF-8"?><collection xmlns="http://www.loc.gov/MARC21/slim"><record><leader>00452nam--2200133-i-4500</leader><controlfield tag="001">000030632</controlfield><controlfield tag="002">20161230</controlfield><controlfield tag="005">20161230201038</controlfield><controlfield tag="008">060222s1000------------r-----000-0-eng-d</controlfield><datafield ind1=" " ind2=" " tag="080"><subfield code="a">029.75:681.3.06</subfield></datafield><datafield ind1=" " ind2=" " tag="100"><subfield code="a">Listes, Vasile</subfield></datafield><datafield ind1=" " ind2=" " tag="245"><subfield code="a">Sistemul felix c-256.manual pentru anul ii al liceelor pentru prelucrarea automata a datelor</subfield></datafield><datafield ind1=" " ind2=" " tag="260"><subfield code="a">Cluj, Institutul Central Pentru Sisteme De Conducere Cu Mijloace De Automatizare, 1972. 119p</subfield></datafield><datafield ind1=" " ind2=" " tag="852"><subfield code="a">38441</subfield></datafield></record></collection>